%% This BibTeX bibliography file was created using BibDesk.
%% http://bibdesk.sourceforge.net/

%% Created for Kevin Aiton at 2017-07-14 14:23:31 -0400 


%% Saved with string encoding Unicode (UTF-8) 



@article{doi:10.1137/S106482759732678X,
	Author = {Xiao-Chuan Cai and Marcus Sarkis},
	Date-Added = {2017-07-14 18:23:07 +0000},
	Date-Modified = {2017-07-14 18:23:07 +0000},
	Doi = {10.1137/S106482759732678X},
	Eprint = {https://doi.org/10.1137/S106482759732678X},
	Journal = {SIAM Journal on Scientific Computing},
	Number = {2},
	Pages = {792-797},
	Title = {A Restricted Additive Schwarz Preconditioner for General Sparse Linear Systems},
	Url = {https://doi.org/10.1137/S106482759732678X},
	Volume = {21},
	Year = {1999},
	Bdsk-Url-1 = {https://doi.org/10.1137/S106482759732678X},
	Bdsk-Url-2 = {http://dx.doi.org/10.1137/S106482759732678X}}

@article{Aurentz:2017:CCS:3034774.2998442,
	Acmid = {2998442},
	Address = {New York, NY, USA},
	Articleno = {33},
	Author = {Aurentz, Jared L. and Trefethen, Lloyd N.},
	Date-Added = {2017-01-24 21:52:27 +0000},
	Date-Modified = {2017-01-24 21:52:27 +0000},
	Doi = {10.1145/2998442},
	Issn = {0098-3500},
	Issue_Date = {December 2016},
	Journal = {ACM Trans. Math. Softw.},
	Keywords = {Chebfun, Chebyshev series, Floating point arithmetic},
	Month = jan,
	Number = {4},
	Numpages = {21},
	Pages = {33:1--33:21},
	Publisher = {ACM},
	Title = {Chopping a {C}hebyshev Series},
	Url = {http://doi.acm.org/10.1145/2998442},
	Volume = {43},
	Year = {2017},
	Bdsk-Url-1 = {http://doi.acm.org/10.1145/2998442},
	Bdsk-Url-2 = {http://dx.doi.org/10.1145/2998442}}

@article{reyna1995exponentially,
	Author = {Reyna, Luis G and Ward, Michael J},
	Date-Added = {2017-01-23 21:09:51 +0000},
	Date-Modified = {2017-01-23 21:09:51 +0000},
	Journal = {Communications on Pure and Applied Mathematics},
	Number = {2},
	Pages = {79--120},
	Publisher = {Wiley Online Library},
	Title = {On the exponentially slow motion of a viscous shock},
	Volume = {48},
	Year = {1995}}

@article{madden2003uniformly,
	Author = {Madden, Niall and Stynes, Martin},
	Date-Added = {2017-01-23 19:39:03 +0000},
	Date-Modified = {2017-01-23 19:39:03 +0000},
	Journal = {IMA Journal of Numerical Analysis},
	Number = {4},
	Pages = {627--644},
	Publisher = {Oxford University Press},
	Title = {A uniformly convergent numerical method for a coupled system of two singularly perturbed linear reaction--diffusion problems},
	Volume = {23},
	Year = {2003}}

@article{safdari2015radial,
	Author = {Safdari-Vaighani, Ali and Heryudono, Alfa and Larsson, Elisabeth},
	Date-Added = {2017-01-23 18:42:36 +0000},
	Date-Modified = {2017-01-23 18:42:36 +0000},
	Journal = {J. Sci. Comp.},
	Number = {2},
	Pages = {341--367},
	Publisher = {Springer},
	Title = {A radial basis function partition of unity collocation method for convection--diffusion equations arising in financial applications},
	Volume = {64},
	Year = {2015}}

@article{griebel2000particle,
	Author = {Griebel, Michael and Schweitzer, Marc Alexander},
	Date-Added = {2017-01-23 17:54:03 +0000},
	Date-Modified = {2017-01-23 17:54:03 +0000},
	Journal = {SIAM J. Sci. Comp.},
	Number = {3},
	Pages = {853--890},
	Publisher = {SIAM},
	Title = {A particle-partition of unity method for the solution of elliptic, parabolic, and hyperbolic {PDEs}},
	Volume = {22},
	Year = {2000}}

@article{franke1980smooth,
	Author = {Franke, Richard and Nielson, Greg},
	Date-Added = {2017-01-23 17:25:07 +0000},
	Date-Modified = {2017-01-23 17:25:07 +0000},
	Journal = {Internat. J. Numer. Methods Engrg.},
	Number = {11},
	Pages = {1691--1704},
	Publisher = {Wiley Online Library},
	Title = {Smooth interpolation of large sets of scattered data},
	Volume = {15},
	Year = {1980}}

@incollection{platte2010chebfun,
	title={Chebfun: a new kind of numerical computing},
	author={Platte, Rodrigo B and Trefethen, Lloyd N},
	booktitle={Progress in industrial mathematics at ECMI 2008},
	pages={69--87},
	year={2010},
	publisher={Springer}
}

@phdthesis{battles2005numerical,
	title={Numerical linear algebra for continuous functions},
	author={Battles, Zachary},
	year={2005},
	school={University of Oxford}
}

@article{hale2012chebfun,
	title={Chebfun and numerical quadrature},
	author={Hale, Nicholas and Trefethen, Lloyd N},
	journal={Science China Mathematics},
	volume={55},
	number={9},
	pages={1749--1760},
	year={2012},
	publisher={Springer}
}

@article{mclain1976two,
	Author = {McLain, Dermot H},
	Date-Added = {2017-01-23 17:16:16 +0000},
	Date-Modified = {2017-01-23 17:16:16 +0000},
	Journal = {The Computer Journal},
	Number = {2},
	Pages = {178--181},
	Publisher = {Br Computer Soc},
	Title = {Two dimensional interpolation from random data},
	Volume = {19},
	Year = {1976}}

@article{tobor2006reconstructing,
	Author = {Tobor, Ireneusz and Reuter, Patrick and Schlick, Christophe},
	Date-Added = {2017-01-23 15:52:30 +0000},
	Date-Modified = {2017-01-23 15:52:30 +0000},
	Journal = {Graphical Models},
	Number = {1},
	Pages = {25--41},
	Publisher = {Elsevier},
	Title = {Reconstructing multi-scale variational partition of unity implicit surfaces with attributes},
	Volume = {68},
	Year = {2006}}

@article{pachon2010piecewise,
	Author = {Pach{\'o}n, Ricardo and Platte, Rodrigo B and Trefethen, Lloyd N},
	Date-Added = {2017-01-23 15:20:41 +0000},
	Date-Modified = {2017-01-23 15:20:41 +0000},
	Journal = {IMA journal of {N}umerical {A}nalysis},
	Number = {4},
	Pages = {898--916},
	Publisher = {Oxford University Press},
	Title = {Piecewise-smooth chebfuns},
	Volume = {30},
	Year = {2010}}

@article{driscoll2008chebop,
	Author = {Driscoll, Tobin A and Bornemann, Folkmar and Trefethen, Lloyd N},
	Date-Added = {2017-01-23 15:11:36 +0000},
	Date-Modified = {2017-01-23 15:11:36 +0000},
	Journal = {BIT Numerical Mathematics},
	Number = {4},
	Pages = {701--723},
	Publisher = {Springer},
	Title = {The chebop system for automatic solution of differential equations},
	Volume = {48},
	Year = {2008}}

@article{battles2004extension,
	Author = {Battles, Zachary and Trefethen, Lloyd N},
	Date-Added = {2017-01-23 14:56:41 +0000},
	Date-Modified = {2017-01-23 14:56:41 +0000},
	Journal = {SIAM J. Sci. Comp.},
	Number = {5},
	Pages = {1743--1770},
	Publisher = {SIAM},
	Title = {An extension of {MATLAB} to continuous functions and operators},
	Volume = {25},
	Year = {2004}}

@inproceedings{shepard1968two,
	Author = {Shepard, Donald},
	Booktitle = {Proceedings of the 1968 23rd ACM national conference},
	Date-Added = {2017-01-11 18:58:52 +0000},
	Date-Modified = {2017-01-11 18:58:52 +0000},
	Organization = {ACM},
	Pages = {517--524},
	Title = {A two-dimensional interpolation function for irregularly-spaced data},
	Year = {1968}}

@article{driscoll2014optimal,
	Author = {Driscoll, Tobin A and Weideman, JAC},
	Date-Added = {2017-01-11 18:35:20 +0000},
	Date-Modified = {2017-01-11 18:35:20 +0000},
	Journal = {SIAM Journal on Numerical Analysis},
	Number = {4},
	Pages = {1913--1927},
	Publisher = {SIAM},
	Title = {Optimal domain splitting for interpolation by {C}hebyshev polynomials},
	Volume = {52},
	Year = {2014}}

@book{trefethen2000spectral,
	Author = {Trefethen, Lloyd N},
	Date-Added = {2017-01-11 18:13:13 +0000},
	Date-Modified = {2017-01-11 18:13:13 +0000},
	Publisher = {{SIAM}},
	Title = {Spectral {M}ethods in MATLAB},
	Volume = {10},
	Year = {2000}}

@article{Aurentz:2015aa,
	Abstract = {Chebfun and related software projects for numerical computing with functions are based on the idea that at each step of a computation, a function},
	Author = {Jared L. Aurentz and Lloyd N. Trefethen},
	Date-Added = {2017-01-11 16:45:12 +0000},
	Date-Modified = {2017-01-11 16:45:12 +0000},
	Eprint = {1512.01803},
	Month = {12},
	Title = {Chopping a Chebyshev Series},
	Url = {https://arxiv.org/abs/1512.01803},
	Year = {2015},
	Bdsk-Url-1 = {https://arxiv.org/abs/1512.01803}}

@book{Trefethen2013,
	Author = {Lyod N. Trefethen},
	Date-Added = {2016-11-14 20:01:43 +0000},
	Date-Modified = {2016-11-14 20:03:41 +0000},
	Publisher = {Society for Industrial and Applied Mathematics},
	Title = {Approximation Theory and Approximation Practice},
	Year = {2013}}

@book{wendland2004scattered,
	Author = {Holger Wendland},
	Date-Added = {2016-11-03 19:06:22 +0000},
	Date-Modified = {2016-11-03 19:09:10 +0000},
	Publisher = {Cambridge University Press},
	Title = {Scattered Data Approximation},
	Year = {2004}}

@misc{driscoll2014chebfun,
  title={Chebfun guide},
  author={Driscoll, Tobin A and Hale, Nicholas and Trefethen, Lloyd N},
  year={2014},
  publisher={Pafnuty Publications, Oxford}
}

@article{driscoll2015rectangular,
  title={Rectangular spectral collocation},
  author={Driscoll, Tobin A and Hale, Nicholas},
  journal={IMA Journal of Numerical Analysis},
  volume={36},
  number={1},
  pages={108--132},
  year={2015},
  publisher={Oxford University Press}
}

@article{battles2004extension,
	title={An extension of MATLAB to continuous functions and operators},
	author={Battles, Zachary and Trefethen, Lloyd N},
	journal={SIAM Journal on Scientific Computing},
	volume={25},
	number={5},
	pages={1743--1770},
	year={2004},
	publisher={SIAM}
}

@article{birkisson2012automatic,
	title={Automatic Fr{\'e}chet differentiation for the numerical solution of boundary-value problems},
	author={Birkisson, Asgeir and Driscoll, Tobin A},
	journal={ACM Transactions on Mathematical Software (TOMS)},
	volume={38},
	number={4},
	pages={26},
	year={2012},
	publisher={ACM}
}

@phdthesis{birkisson2013numerical,
	title={Numerical solution of nonlinear boundary value problems for ordinary differential equations in the continuous framework},
	author={Birkisson, Asgeir},
	year={2013},
	school={Oxford University, UK}
}

@article{trefethen2015computing,
	title={Computing numerically with functions instead of numbers},
	author={Trefethen, Lloyd N},
	journal={Communications of the ACM},
	volume={58},
	number={10},
	pages={91--97},
	year={2015},
	publisher={ACM}
}
@comment{BibDesk Static Groups{
<?xml version="1.0" encoding="UTF-8"?>
<!DOCTYPE plist PUBLIC "-//Apple//DTD PLIST 1.0//EN" "http://www.apple.com/DTDs/PropertyList-1.0.dtd">
<plist version="1.0">
<array>
	<dict>
		<key>group name</key>
		<string></string>
		<key>keys</key>
		<string></string>
	</dict>
</array>
</plist>
}}
