% Encoding: UTF-8
%% This BibTeX bibliography file was created using BibDesk.
%% http://bibdesk.sourceforge.net/

%% Created for Kevin Aiton at 2017-06-14 10:49:46 -0400 


%% Saved with string encoding Unicode (UTF-8) 



@article{Aurentz:2017:CCS:3034774.2998442,
	Acmid = {2998442},
	Address = {New York, NY, USA},
	Articleno = {33},
	Author = {Aurentz, Jared L. and Trefethen, Lloyd N.},
	Date-Added = {2017-01-24 21:52:27 +0000},
	Date-Modified = {2017-01-24 21:52:27 +0000},
	Doi = {10.1145/2998442},
	Issn = {0098-3500},
	Issue_Date = {December 2016},
	Journal = {ACM Trans. Math. Softw.},
	Keywords = {Chebfun, Chebyshev series, Floating point arithmetic},
	Month = jan,
	Number = {4},
	Numpages = {21},
	Pages = {33:1--33:21},
	Publisher = {ACM},
	Title = {Chopping a {C}hebyshev Series},
	Url = {http://doi.acm.org/10.1145/2998442},
	Volume = {43},
	Year = {2017},
	Bdsk-Url-1 = {http://doi.acm.org/10.1145/2998442},
	Bdsk-Url-2 = {http://dx.doi.org/10.1145/2998442}}

@article{reyna1995exponentially,
	Author = {Reyna, Luis G and Ward, Michael J},
	Date-Added = {2017-01-23 21:09:51 +0000},
	Date-Modified = {2017-01-23 21:09:51 +0000},
	Journal = {Communications on Pure and Applied Mathematics},
	Number = {2},
	Pages = {79--120},
	Publisher = {Wiley Online Library},
	Title = {On the exponentially slow motion of a viscous shock},
	Volume = {48},
	Year = {1995}}

@article{madden2003uniformly,
	Author = {Madden, Niall and Stynes, Martin},
	Date-Added = {2017-01-23 19:39:03 +0000},
	Date-Modified = {2017-01-23 19:39:03 +0000},
	Journal = {IMA Journal of Numerical Analysis},
	Number = {4},
	Pages = {627--644},
	Publisher = {Oxford University Press},
	Title = {A uniformly convergent numerical method for a coupled system of two singularly perturbed linear reaction--diffusion problems},
	Volume = {23},
	Year = {2003}}

@article{safdari2015radial,
	Author = {Safdari-Vaighani, Ali and Heryudono, Alfa and Larsson, Elisabeth},
	Date-Added = {2017-01-23 18:42:36 +0000},
	Date-Modified = {2017-01-23 18:42:36 +0000},
	Journal = {SIAM J. Sci. Comp.},
	Number = {2},
	Pages = {341--367},
	Publisher = {Springer},
	Title = {A radial basis function partition of unity collocation method for convection--diffusion equations arising in financial applications},
	Volume = {64},
	Year = {2015}}

@article{griebel2000particle,
	Author = {Griebel, Michael and Schweitzer, Marc Alexander},
	Date-Added = {2017-01-23 17:54:03 +0000},
	Date-Modified = {2017-01-23 17:54:03 +0000},
	Journal = {SIAM J. Sci. Comp.},
	Number = {3},
	Pages = {853--890},
	Publisher = {SIAM},
	Title = {A particle-partition of unity method for the solution of elliptic, parabolic, and hyperbolic {PDEs}},
	Volume = {22},
	Year = {2000}}

@article{franke1980smooth,
	Author = {Franke, Richard and Nielson, Greg},
	Date-Added = {2017-01-23 17:25:07 +0000},
	Date-Modified = {2017-01-23 17:25:07 +0000},
	Journal = {Internat. J. Numer. Methods Engrg.},
	Number = {11},
	Pages = {1691--1704},
	Publisher = {Wiley Online Library},
	Title = {Smooth interpolation of large sets of scattered data},
	Volume = {15},
	Year = {1980}}

@article{mclain1976two,
	Author = {McLain, Dermot H},
	Date-Added = {2017-01-23 17:16:16 +0000},
	Date-Modified = {2017-01-23 17:16:16 +0000},
	Journal = {The Computer Journal},
	Number = {2},
	Pages = {178--181},
	Publisher = {Br Computer Soc},
	Title = {Two dimensional interpolation from random data},
	Volume = {19},
	Year = {1976}}

@article{tobor2006reconstructing,
	Author = {Tobor, Ireneusz and Reuter, Patrick and Schlick, Christophe},
	Date-Added = {2017-01-23 15:52:30 +0000},
	Date-Modified = {2017-01-23 15:52:30 +0000},
	Journal = {Graphical Models},
	Number = {1},
	Pages = {25--41},
	Publisher = {Elsevier},
	Title = {Reconstructing multi-scale variational partition of unity implicit surfaces with attributes},
	Volume = {68},
	Year = {2006}}

@article{pachon2010piecewise,
	Author = {Pach{\'o}n, Ricardo and Platte, Rodrigo B and Trefethen, Lloyd N},
	Date-Added = {2017-01-23 15:20:41 +0000},
	Date-Modified = {2017-01-23 15:20:41 +0000},
	Journal = {IMA journal of {N}umerical {A}nalysis},
	Number = {4},
	Pages = {898--916},
	Publisher = {Oxford University Press},
	Title = {Piecewise-smooth chebfuns},
	Volume = {30},
	Year = {2010}}

@article{driscoll2008chebop,
	Author = {Driscoll, Tobin A and Bornemann, Folkmar and Trefethen, Lloyd N},
	Date-Added = {2017-01-23 15:11:36 +0000},
	Date-Modified = {2017-01-23 15:11:36 +0000},
	Journal = {BIT Numerical Mathematics},
	Number = {4},
	Pages = {701--723},
	Publisher = {Springer},
	Title = {The chebop system for automatic solution of differential equations},
	Volume = {48},
	Year = {2008}}

@article{battles2004extension,
	Author = {Battles, Zachary and Trefethen, Lloyd N},
	Date-Added = {2017-01-23 14:56:41 +0000},
	Date-Modified = {2017-01-23 14:56:41 +0000},
	Journal = {SIAM J. Sci. Comp.},
	Number = {5},
	Pages = {1743--1770},
	Publisher = {SIAM},
	Title = {An extension of {MATLAB} to continuous functions and operators},
	Volume = {25},
	Year = {2004}}

@inproceedings{shepard1968two,
	Author = {Shepard, Donald},
	Booktitle = {Proceedings of the 1968 23rd ACM national conference},
	Date-Added = {2017-01-11 18:58:52 +0000},
	Date-Modified = {2017-01-11 18:58:52 +0000},
	Organization = {ACM},
	Pages = {517--524},
	Title = {A two-dimensional interpolation function for irregularly-spaced data},
	Year = {1968}}

@article{driscoll2014optimal,
	Author = {Driscoll, Tobin A and Weideman, JAC},
	Date-Added = {2017-01-11 18:35:20 +0000},
	Date-Modified = {2017-01-11 18:35:20 +0000},
	Journal = {SIAM Journal on Numerical Analysis},
	Number = {4},
	Pages = {1913--1927},
	Publisher = {SIAM},
	Title = {Optimal domain splitting for interpolation by {C}hebyshev polynomials},
	Volume = {52},
	Year = {2014}}

@Book{trefethen2000spectral,
  title         = {Spectral {M}ethods in {MATLAB}},
  publisher     = {{SIAM}},
  year          = {2000},
  author        = {Trefethen, Lloyd N},
  volume        = {10},
  date-added    = {2017-01-11 18:13:13 +0000},
  date-modified = {2017-01-11 18:13:13 +0000},
}

@article{OriginalSchwarz,
	Author = {Hermann Schwarz},
	Date-Added = {1879},
	Journal = {Vierteljahrsschrift der Naturforschenden Gesellschaft in Z\"{u}rich},
	Number = {15},
	Pages = {272--286},
	Title = {\"{U}ber einen Grenz\"{u}bergang durch alternierendes Verfahren},
	Volume = {52},
	Year = {2014}}
	
@book{Trefethen2013,
	Author = {Lyod N. Trefethen},
	Date-Added = {2016-11-14 20:01:43 +0000},
	Date-Modified = {2016-11-14 20:03:41 +0000},
	Publisher = {Society for Industrial and Applied Mathematics},
	Title = {Approximation Theory and Approximation Practice},
	Year = {2013}}

@book{wendland2004scattered,
	Author = {Holger Wendland},
	Date-Added = {2016-11-03 19:06:22 +0000},
	Date-Modified = {2016-11-03 19:09:10 +0000},
	Publisher = {Cambridge University Press},
	Title = {Scattered Data Approximation},
	Year = {2004}}

@inproceedings{lions1988schwarz,
  title={On the Schwarz alternating method. I},
  author={Lions, Pierre-Louis},
  booktitle={First international symposium on domain decomposition methods for partial differential equations},
  pages={1--42},
  year={1988},
  organization={Paris, France}
}

@book{smith2004domain,
  title={Domain decomposition: parallel multilevel methods for elliptic partial differential equations},
  author={Smith, Barry and Bjorstad, Petter and Gropp, William},
  year={2004},
  publisher={Cambridge university press}
}

@TechReport{franke1979critical,
  author      = {Franke, Richard},
  title       = {A critical comparison of some methods for interpolation of scattered data},
  institution = {Naval Postgraduate School},
  year        = {1979},
  address     = {Monterey, California},
}

@incollection{genz1987package,
  title={A package for testing multiple integration subroutines},
  author={Genz, Alan},
  booktitle={Numerical Integration},
  pages={337--340},
  year={1987},
  publisher={Springer}
}

@article{aiffa5computational,
  title={Computational Methods for Singularly Perturbed Systems},
  author={Aiffa, Slimane Adjerid Mohammed and Flaherty, Joseph E},
  journal={Analyzing Multiscale Phenomena Using Singular Perturbation Methods: American Mathematical Society Short Course, January 5-6, 1998, Baltimore, Maryland},
  number={56},
  pages={47},
  publisher={American Mathematical Soc.}
}

@article{mitchell2013collection,
  title={A collection of 2D elliptic problems for testing adaptive grid refinement algorithms},
  author={Mitchell, William F},
  journal={Applied Mathematics and Computation},
  volume={220},
  pages={350--364},
  year={2013},
  publisher={Elsevier}
}

@Article{townsend2013extension,
  author    = {Townsend, Alex and Trefethen, Lloyd N},
  title     = {An extension of {C}hebfun to two dimensions},
  journal   = {SIAM Journal on Scientific Computing},
  year      = {2013},
  volume    = {35},
  number    = {6},
  pages     = {C495--C518},
  publisher = {SIAM},
}

@article{bebendorf2011adaptive,
  title={Adaptive cross approximation of multivariate functions},
  author={Bebendorf, Mario},
  journal={Constructive approximation},
  volume={34},
  number={2},
  pages={149--179},
  year={2011},
  publisher={Springer}
}

@Book{mason2002chebyshev,
  title     = {Chebyshev Polynomials},
  publisher = {CRC Press},
  year      = {2002},
  author    = {Mason, John C and Handscomb, David C},
}

@Book{Driscoll2014,
  title     = {{C}hebfun {G}uide},
  publisher = {Pafnuty Publications},
  year      = {2014},
  editor    = {T. A. Driscoll and N. Hale and L. N. Trefethen},
}

@Article{Hashemi2017,
  author    = {Behnam Hashemi and Lloyd N. Trefethen},
  title     = {Chebfun in Three Dimensions},
  journal   = {{SIAM} Journal on Scientific Computing},
  year      = {2017},
  volume    = {39},
  number    = {5},
  pages     = {C341-C363},
  month     = {jan},
  issn      = {1064-8275},
  doi       = {10.1137/16m1083803},
  publisher = {Society for Industrial {\&} Applied Mathematics ({SIAM})},
}

@Article{Townsend2014,
  author    = {A. Townsend and L. N. Trefethen},
  title     = {Continuous analogues of matrix factorizations},
  journal   = {Proceedings of the Royal Society A: Mathematical, Physical and Engineering Sciences},
  year      = {2014},
  volume    = {471},
  number    = {2173},
  pages     = {20140585-20140585},
  month     = {nov},
  issn      = {1364-5021},
  doi       = {10.1098/rspa.2014.0585},
  publisher = {The Royal Society},
}

@Article{Trefethen2015,
  author        = {Lloyd N. Trefethen},
  title         = {Computing numerically with functions instead of numbers},
  journal       = {Communications of the {ACM}},
  year          = {2015},
  volume        = {58},
  number        = {10},
  pages         = {91--97},
  month         = {sep},
  __markedentry = {[driscoll:]},
  doi           = {10.1145/2814847},
  publisher     = {Association for Computing Machinery ({ACM})},
}

@Article{Klimke2005,
  author        = {Andreas Klimke and Barbara Wohlmuth},
  title         = {Algorithm 847: {S}pinterp: piecewise multilinear hierarchical sparse grid interpolation in {MATLAB}},
  journal       = {{ACM} Transactions on Mathematical Software},
  year          = {2005},
  volume        = {31},
  number        = {4},
  pages         = {561--579},
  month         = {dec},
  __markedentry = {[driscoll:6]},
  doi           = {10.1145/1114268.1114275},
  publisher     = {Association for Computing Machinery ({ACM})},
}

@InCollection{Back2011,
  author    = {B\"ack, J. and Nobile, F. and Tamellini, L. and Tempone, R.},
  title     = {Stochastic spectral {G}alerkin and collocation methods for {PDE}s with random coefficients: a numerical comparison},
  booktitle = {Spectral and High Order Methods for Partial Differential Equations},
  publisher = {Springer},
  year      = {2011},
  editor    = {Hesthaven, J.S. and Ronquist, E.M.},
  volume    = {76},
  series    = {Lecture Notes in Computational Science and Engineering},
  pages     = {43--62},
  note      = {Selected papers from the ICOSAHOM '09 conference, June 22-26, Trondheim, Norway},
}

@Article{Aiton2018,
  author    = {Kevin W. Aiton and Tobin A. Driscoll},
  title     = {An Adaptive Partition of Unity Method for {C}hebyshev Polynomial Interpolation},
  journal   = {{SIAM} Journal on Scientific Computing},
  year      = {2018},
  volume    = {40},
  number    = {1},
  pages     = {A251--A265},
  month     = {jan},
  doi       = {10.1137/17m112052x},
  publisher = {Society for Industrial {\&} Applied Mathematics ({SIAM})},
}

@Article{huybrechs2010fourier,
  author    = {Huybrechs, Daan},
  title     = {On the {F}ourier extension of nonperiodic functions},
  journal   = {SIAM Journal on Numerical Analysis},
  year      = {2010},
  volume    = {47},
  number    = {6},
  pages     = {4326--4355},
  publisher = {SIAM},
}

@Article{adcock2014resolution,
  author    = {Adcock, Ben and Huybrechs, Daan},
  title     = {On the resolution power of {F}ourier extensions for oscillatory functions},
  journal   = {Journal of Computational and Applied Mathematics},
  year      = {2014},
  volume    = {260},
  pages     = {312--336},
  publisher = {Elsevier},
}

@Article{adcock2014numerical,
  author    = {Adcock, Ben and Huybrechs, Daan and Mart{\'\i}n-Vaquero, Jes{\'u}s},
  title     = {On the numerical stability of {F}ourier extensions},
  journal   = {Foundations of Computational Mathematics},
  year      = {2014},
  volume    = {14},
  number    = {4},
  pages     = {635--687},
  publisher = {Springer},
}

@Article{matthysen2017function,
  author  = {Matthysen, Roel and Huybrechs, Daan},
  title   = {Function approximation on arbitrary domains using {F}ourier extension frames},
  journal = {arXiv preprint arXiv:1706.04848},
  year    = {2017},
}

@Book{Fornberg2015,
  title         = {A primer on radial basis functions with applications to the geosciences},
  publisher     = {SIAM},
  year          = {2015},
  author        = {Fornberg, Bengt and Flyer, Natasha},
  __markedentry = {[driscoll:6]},
}

@Comment{jabref-meta: databaseType:bibtex;}

@comment{BibDesk Static Groups{
<?xml version="1.0" encoding="UTF-8"?>
<!DOCTYPE plist PUBLIC "-//Apple//DTD PLIST 1.0//EN" "http://www.apple.com/DTDs/PropertyList-1.0.dtd">
<plist version="1.0">
<array>
	<dict>
		<key>group name</key>
		<string></string>
		<key>keys</key>
		<string></string>
	</dict>
</array>
</plist>
}}
