@article{holly1977tear,
  title={Tear physiology and dry eyes},
  author={Holly, FJ and Lemp, MA},
  journal={Survey of ophthalmology},
  volume={22},
  number={2},
  pages={69--87},
  year={1977},
  publisher={Elsevier}
}

@article{maki2008overset,
  title={An overset grid method for the study of reflex tearing},
  author={Maki, KL and Braun, RJ and Driscoll, TA and King-Smith, PE},
  journal={Mathematical medicine and biology: a journal of the IMA},
  volume={25},
  number={3},
  pages={187--214},
  year={2008},
  publisher={Oxford University Press}
}

@article{bron2007methodologies,
  title={Methodologies to diagnose and monitor dry eye disease: report of the Diagnostic Methodology Subcommittee of the International Dry Eye WorkShop (2007)},
  author={Bron, Anthony J and Abelson, Mark B and Ousler, George and Pearce, E and Tomlinson, Alan and Yokoi, Norihiko and Smith, Janine A and Begley, Carolyn and Caffery, Barbara and Nichols, Kelly and others},
  journal={Ocular Surface},
  volume={5},
  number={2},
  pages={108--152},
  year={2007},
  publisher={Ethis Communications, Inc.}
}

@article{nelson2011international,
  title={The international workshop on meibomian gland dysfunction: report of the definition and classification subcommittee},
  author={Nelson, J Daniel and Shimazaki, Jun and Benitez-del-Castillo, Jose M and Craig, Jennifer P and McCulley, James P and Den, Seika and Foulks, Gary N},
  journal={Investigative ophthalmology \& visual science},
  volume={52},
  number={4},
  pages={1930--1937},
  year={2011},
  publisher={The Association for Research in Vision and Ophthalmology}
}

@article{johnson2004changes,
  title={Changes in the tear film and ocular surface from dry eye syndrome},
  author={Johnson, Michael E and Murphy, Paul J},
  journal={Progress in retinal and eye research},
  volume={23},
  number={4},
  pages={449--474},
  year={2004},
  publisher={Elsevier}
}

@article{mishima1961oily,
  title={The oily layer of the tear film and evaporation from the corneal surface},
  author={Mishima, S and Maurice, DM},
  journal={Experimental eye research},
  volume={1},
  number={1},
  pages={39--45},
  year={1961},
  publisher={Elsevier}
}

@article{gipson2004distribution,
  title={Distribution of mucins at the ocular surface},
  author={Gipson, Ilene K},
  journal={Experimental eye research},
  volume={78},
  number={3},
  pages={379--388},
  year={2004},
  publisher={Elsevier}
}

@article{norn1979semiquantitative,
  title={Semiquantitative interference study of fatty layer of precorneal film},
  author={Norn, MS},
  journal={Acta ophthalmologica},
  volume={57},
  number={5},
  pages={766--774},
  year={1979},
  publisher={Wiley Online Library}
}

@article{maki2010tear,
  title={Tear film dynamics on an eye-shaped domain I: pressure boundary conditions},
  author={Maki, Kara L and Braun, Richard J and Henshaw, William D and King-Smith, P Ewen},
  journal={Mathematical medicine and biology: a journal of the IMA},
  volume={27},
  number={3},
  pages={227--254},
  year={2010},
  publisher={Oxford University Press}
}

@article{maki2010tear2,
  title={Tear film dynamics on an eye-shaped domain. Part 2. Flux boundary conditions},
  author={Maki, KL and Braun, RJ and Ucciferro, P and Henshaw, WD and King-Smith, PE},
  journal={Journal of Fluid Mechanics},
  volume={647},
  pages={361--390},
  year={2010},
  publisher={Cambridge University Press}
}

@article{chesshire1990composite,
  title={Composite overlapping meshes for the solution of partial differential equations},
  author={Chesshire, G and Henshaw, William D},
  journal={Journal of Computational Physics},
  volume={90},
  number={1},
  pages={1--64},
  year={1990},
  publisher={Elsevier}
}

@article{deng2014heat,
  title={Heat transfer and tear film dynamics over multiple blink cycles},
  author={Deng, Quan and Braun, RJ and Driscoll, Tobin A},
  journal={Physics of Fluids},
  volume={26},
  number={7},
  pages={071901},
  year={2014},
  publisher={AIP}
}

@article{deng2013model,
  title={A model for the tear film and ocular surface temperature for partial blinks},
  author={Deng, Quan and Braun, Richard J and Driscoll, TA and King-Smith, P Ewen},
  journal={Interfacial phenomena and heat transfer},
  volume={1},
  number={4},
  year={2013},
  publisher={Begel House Inc.}
}

@article{li2012model,
  title={A model for the human tear film with heating from within the eye},
  author={Li, Longfei and Braun, RJ},
  journal={Physics of Fluids},
  volume={24},
  number={6},
  pages={062103},
  year={2012},
  publisher={AIP}
}

@article{driscoll2018simulation,
  title={Simulation of parabolic flow on an eye-shaped domain with moving boundary},
  author={Driscoll, Tobin A and Braun, Richard J and Brosch, Joseph K},
  journal={Journal of Engineering Mathematics},
  volume={111},
  number={1},
  pages={111--126},
  year={2018},
  publisher={Springer}
}

@article{li2015computed,
	title={Computed tear film and osmolarity dynamics on an eye-shaped domain},
	author={Li, Longfei and Braun, Richard J and Driscoll, Tobin A and Henshaw, William D and Banks, Jeffrey W and King-Smith, P Ewen},
	journal={Mathematical medicine and biology: a journal of the IMA},
	volume={33},
	number={2},
	pages={123--157},
	year={2015},
	publisher={Oxford University Press}
}

@article{li2012model,
	title={A model for the human tear film with heating from within the eye},
	author={Li, Longfei and Braun, RJ},
	journal={Physics of Fluids},
	volume={24},
	number={6},
	pages={062103},
	year={2012},
	publisher={AIP}
}