% Encoding: UTF-8

@Article{Cai2002,
  author        = {Xiao-Chuan Cai and David E. Keyes},
  title         = {Nonlinearly Preconditioned Inexact {N}ewton Algorithms},
  journal       = {{SIAM} Journal on Scientific Computing},
  year          = {2002},
  volume        = {24},
  number        = {1},
  pages         = {183-200},
  month         = {jan},
  issn          = {1064-8275},
  __markedentry = {[driscoll:6]},
  doi           = {10.1137/s106482750037620x},
  file          = {:Article/Cai2002 - Nonlinearly Preconditioned Inexact Newton Algorithms.pdf:PDF},
  groups        = {Domain decomp, Diif eq},
  publisher     = {Society for Industrial {\&} Applied Mathematics ({SIAM})},
}

@article{botella1998benchmark,
	title={Benchmark spectral results on the lid-driven cavity flow},
	author={Botella, O and Peyret, R},
	journal={Computers \& Fluids},
	volume={27},
	number={4},
	pages={421--433},
	year={1998},
	publisher={Elsevier}
}

@InCollection{Descombes_2011,
  author        = {St{\'{e}}phane Descombes and Victorita Dolean and Martin J. Gander},
  title         = {Schwarz Waveform Relaxation Methods for Systems of Semi-Linear Reaction-Diffusion Equations},
  booktitle     = {Lecture Notes in Computational Science and Engineering},
  publisher     = {Springer Berlin Heidelberg},
  year          = {2011},
  pages         = {423--430},
  month         = {oct},
  __markedentry = {[driscoll:6]},
  doi           = {10.1007/978-3-642-11304-8_49},
  file          = {:Descombes2011 - Schwarz Waveform Relaxation Methods for Systems of Semi Linear Reaction Diffusion Equations.pdf:PDF},
  issn          = {1439-7358},
}

@Article{Dolean2016,
  author        = {V. Dolean and M. J. Gander and W. Kheriji and F. Kwok and R. Masson},
  title         = {Nonlinear Preconditioning: How to Use a Nonlinear {S}chwarz Method to Precondition {N}ewton's Method},
  journal       = {{SIAM} Journal on Scientific Computing},
  year          = {2016},
  volume        = {38},
  number        = {6},
  pages         = {A3357-A3380},
  month         = {jan},
  issn          = {1064-8275},
  __markedentry = {[driscoll:6]},
  doi           = {10.1137/15m102887x},
  file          = {:Article/Dolean2016 - Nonlinear Preconditioning_ How to Use a Nonlinear Schwarz Method to Precondition Newton's Method.pdf:PDF},
  publisher     = {Society for Industrial {\&} Applied Mathematics ({SIAM})},
}

@Article{Gander2008,
  author  = {Martin J. Gander},
  title   = {Schwarz methods over the course of time},
  journal = {Electronic Transactions on Numerical Analysis},
  year    = {2008},
  volume  = {31},
  pages   = {228-255},
  file    = {:Article/Gander2008 - Schwarz Methods Over the Course of Time.pdf:PDF},
  url     = {http://etna.mcs.kent.edu/volumes/2001-2010/vol31/abstract.php?vol=31&pages=228-255},
}

@Book{Dolean2015,
  title     = {An Introduction to Domain Decomposition Methods: Algorithms, Theory, and Parallel Implementation},
  publisher = {Society for Industrial and Applied Mathematics},
  year      = {2015},
  author    = {Dolean, Victorita and Pierre Jolivet and Frédéric Nataf},
  doi       = {10.1137/1.9781611974065},
  file      = {:Book/Dolean2015 - An Introduction to Domain Decomposition Methods_ Algorithms, Theory, and Parallel Implementation.pdf:PDF},
}

@book{Smith2004,
	Author = {Barry Smith and Peter Bj{\o}rstad and William Gropp},
	Publisher = {Cambridge University Press},
	Title = {Domain Decomposition: Parallel Multilevel Methods for Elliptic Partial Differential Equations},
	Year = {2004}}

@Article{Cai1999,
  author    = {Xiao-Chuan Cai and Marcus Sarkis},
  title     = {A Restricted Additive {S}chwarz Preconditioner for General Sparse Linear Systems},
  journal   = {{SIAM} Journal on Scientific Computing},
  year      = {1999},
  volume    = {21},
  number    = {2},
  pages     = {792--797},
  month     = {jan},
  doi       = {10.1137/s106482759732678x},
  file      = {:Article/Cai1999 - A Restricted Additive Schwarz Preconditioner for General Sparse Linear Systems:},
  publisher = {Society for Industrial {\&} Applied Mathematics ({SIAM})},
}

@Article{AitonTA,
  author  = {Kevin W. Aiton and Tobin A. Driscoll},
  title   = {An adaptive partition of unity method for multivariate {C}hebyshev polynomial approximations},
  journal = {SIAM J. Sci. Comput.},
  year    = {in revision},
}

@Book{Brandt2011,
  title     = {Multigrid Techniques},
  publisher = {Society for Industrial and Applied Mathematics},
  year      = {2011},
  author    = {Achi Brandt and Oren E. Livne},
  month     = {jan},
  doi       = {10.1137/1.9781611970753},
}

@Article{Eisenstat1996,
  author    = {Stanley C. Eisenstat and Homer F. Walker},
  title     = {Choosing the Forcing Terms in an Inexact {N}ewton Method},
  journal   = {{SIAM} Journal on Scientific Computing},
  year      = {1996},
  volume    = {17},
  number    = {1},
  pages     = {16--32},
  month     = {jan},
  doi       = {10.1137/0917003},
  publisher = {Society for Industrial {\&} Applied Mathematics ({SIAM})},
}

@Book{hirsch2007numerical,
  title         = {Numerical computation of internal and external flows: The fundamentals of computational fluid dynamics},
  publisher     = {Elsevier},
  year          = {2007},
  author        = {Hirsch, Charles},
  date-added    = {2018-11-01 15:43:29 +0000},
  date-modified = {2018-11-01 15:43:29 +0000},
}

@Article{shen1990numerical,
  author    = {Shen, Jie},
  title     = {Numerical simulation of the regularized driven cavity flows at high {R}eynolds numbers},
  journal   = {Computer Methods in Applied Mechanics and Engineering},
  year      = {1990},
  volume    = {80},
  number    = {1-3},
  pages     = {273--280},
  publisher = {Elsevier},
}

@Book{Dennis1987,
  title     = {Numerical Methods for Unconstrained Optimization and Nonlinear Equations},
  publisher = {Society for Industrial and Applied Mathematics},
  year      = {1987},
  author    = {J. E. Dennis and Robert B. Schnabel},
  isbn      = {978-0-898713-64-0},
}

@article{shampine1997matlab,
  title={The matlab ode suite},
  author={Shampine, Lawrence F and Reichelt, Mark W},
  journal={SIAM journal on scientific computing},
  volume={18},
  number={1},
  pages={1--22},
  year={1997},
  publisher={SIAM}
}

@Comment{jabref-meta: databaseType:bibtex;}
